@misc{openCV_2.4_doc,
author = {OpenCV Dev Team},
title = {OpenCV 2.4 Documentation},
howpublished = {\url{http://docs.opencv.org/2.4/}}
}

@misc{openCV_3.2_doc ,
author = {OpenCV Dev Team},
title = {OpenCV 3.2 Documentation},
howpublished = {\url{http://docs.opencv.org/master/}}
}

@misc{openCV_install_linux,
author = {Ana Huaman},
title = {OpenCV : Installation in Linux},
howpublished = {\url{http://docs.opencv.org/2.4/doc/tutorials/introduction/linux_install/linux_install.html#linux-installation}}
}

@misc{openCV_install_linux_docubuntu,
author = {Julien Bossut and Myrkvid and damien200 and volfoni54},
title = {OpenCV : Installation in Linux (doc Ubuntu)},
howpublished = {\url{https://doc.ubuntu-fr.org/opencv}}
}

@misc{openCV_install_windows,
author = {Bernat Gabot},
title = {OpenCV : Installation in Windows},
howpublished = {\url{http://docs.opencv.org/2.4/doc/tutorials/introduction/windows_install/windows_install.html#windows-installation}}
}

@misc{flyCapture_sdk,
author = {PointGrey},
title = {FlyCapture SDK},
howpublished = {\url{https://www.ptgrey.com/flycapture-sdk}}
}

@misc{opengl4_doc,
author = {OpenGL Dev Team},
title = {OpenGL 4.x Documentation},
howpublished = {\url{https://www.khronos.org/registry/OpenGL-Refpages/gl4/}}
}

@misc{stereo_pt,
author = {Point Grey},
title = {Synchronisation des caméras native},
howpublished = {\url{https://eu.ptgrey.com/tan/11052}}
}

@misc{kernelized_correlation_filters,
author = {João F. Henriques and Rui Caseiro and Pedro Martins and Jorge Batista},
title = {Kernelized Correlation Filters},
howpublished = {\url{http://www.robots.ox.ac.uk/~joao/circulant/}}
}

@misc{tracker_kcf,
author = {Joao Faro and Christian Bailer and Joao F. Henriques},
title = {Tracker KCF},
howpublished = {\url{https://github.com/joaofaro/KCFcpp/blob/master/src/kcftracker.cpp}}
}

@misc{camera_opengl,
author = {Opengl-tutorial.org},
title = {Gestion de la caméra OpenGL},
howpublished = {\url{http://www.opengl-tutorial.org/beginners-tutorials/tutorial-6-keyboard-and-mouse/}}
}

@misc{high_speed_tracking,
author = {João F. Henriques and Rui Caseiro and Pedro Martins and Jorge Batista},
title = {High-Speed Tracking with Kernelized Correlation Filters},
howpublished = {\url{https://arxiv.org/pdf/1404.7584.pdf}}
}

@misc{cmake_glfw,
author = {GLFW dev team},
title = {CMake avec GLFW},
howpublished = {\url{http://www.glfw.org/docs/latest/build.html}}
}

@misc{installation_glfw,
author = {Sugih Jamin},
title = {Installation de GLFW},
howpublished = {\url{http://web.eecs.umich.edu/~sugih/courses/eecs487/glfw-howto/}}
}