@misc{openCV_2.4_doc,
author = {OpenCV Dev Team},
title = {OpenCV 2.4 Documentation},
url = {http://docs.opencv.org/2.4/}
}

@misc{openCV_3.2_doc ,
author = {OpenCV Dev Team},
title = {OpenCV 3.2 Documentation},
url = {http://docs.opencv.org/master/}
}

@misc{openCV_install_linux,
author = {Ana Huaman},
title = {OpenCV : Installation in Linux},
url = {http://docs.opencv.org/2.4/doc/tutorials/introduction/linux_install/linux_install.html#linux-installation}
}

@misc{openCV_install_linux_docubuntu,
author = {Julien Bossut and Myrkvid and damien200 and volfoni54},
title = {OpenCV : Installation in Linux (doc Ubuntu)},
url = {https://doc.ubuntu-fr.org/opencv}
}

@misc{openCV_install_windows,
author = {Bernat Gabot},
title = {OpenCV : Installation in Windows},
url = {http://docs.opencv.org/2.4/doc/tutorials/introduction/windows_install/windows_install.html#windows-installation}
}

@misc{flyCapture_sdk,
author = {PointGrey},
title = {FlyCapture SDK},
url = {https://www.ptgrey.com/flycapture-sdk}
}

@misc{opengl4_doc,
author = {OpenGL Dev Team},
title = {OpenGL 4.x Documentation},
url = {https://www.khronos.org/registry/OpenGL-Refpages/gl4/}
}




